<record><leader>00000cas a22000007a 4500</leader><controlfield tag="001">26068437</controlfield><controlfield tag="008">920623d19081921nmudn ne      0   a0eng d</controlfield><datafield ind1=" " ind2=" " tag="010"><subfield code="a">sn 92070417 </subfield></datafield><datafield ind1=" " ind2=" " tag="040"><subfield code="a">NVM</subfield><subfield code="b">eng</subfield><subfield code="c">NVM</subfield><subfield code="d">OCLCQ</subfield><subfield code="d">OCLCF</subfield><subfield code="d">OCLCO</subfield><subfield code="d">DLC</subfield><subfield code="d">IUL</subfield></datafield><datafield ind1="0" ind2=" " tag="022"><subfield code="a">2472-1859</subfield><subfield code="l">2472-1859</subfield><subfield code="2">1</subfield></datafield><datafield ind1=" " ind2=" " tag="042"><subfield code="a">msc</subfield><subfield code="a">nsdp</subfield></datafield><datafield ind1=" " ind2=" " tag="043"><subfield code="a">n-us-nm</subfield></datafield><datafield ind1="0" ind2="0" tag="050"><subfield code="a">Newspaper</subfield></datafield><datafield ind1="1" ind2="0" tag="082"><subfield code="a">071</subfield><subfield code="2">23</subfield></datafield><datafield ind1=" " ind2="0" tag="222"><subfield code="a">Las Vegas optic (Print)</subfield></datafield><datafield ind1="0" ind2="0" tag="245"><subfield code="a">Las Vegas optic.</subfield></datafield><datafield ind1=" " ind2=" " tag="260"><subfield code="a">East Las Vegas, N.M. :</subfield><subfield code="b">[Optic Pub. Co.]</subfield></datafield><datafield ind1=" " ind2=" " tag="300"><subfield code="a">v.</subfield></datafield><datafield ind1=" " ind2=" " tag="310"><subfield code="a">Daily (except Sunday)</subfield></datafield><datafield ind1="0" ind2=" " tag="362"><subfield code="a">Vol. 29, no. 284 (Oct. 8, 1908)-v. 43, no. 105 (Oct. 29, 1921) ; v. 13, no. 106 (Oct. 31, 1921)-v. 13, no. 144 (Dec. 16, 1921).</subfield></datafield><datafield ind1=" " ind2=" " tag="515"><subfield code="a">Numbering is irregular.</subfield></datafield><datafield ind1=" " ind2=" " tag="530"><subfield code="a">Archived issues are available in digital format from the Library of Congress Chronicling America online collection.</subfield></datafield><datafield ind1=" " ind2="0" tag="651"><subfield code="a">Las Vegas (N.M.)</subfield><subfield code="v">Newspapers.</subfield></datafield><datafield ind1=" " ind2="0" tag="651"><subfield code="a">East Las Vegas (N.M.)</subfield><subfield code="v">Newspapers.</subfield></datafield><datafield ind1=" " ind2="0" tag="651"><subfield code="a">San Miguel County (N.M.)</subfield><subfield code="v">Newspapers.</subfield></datafield><datafield ind1=" " ind2="7" tag="651"><subfield code="a">New Mexico</subfield><subfield code="z">East Las Vegas.</subfield><subfield code="2">fast</subfield><subfield code="0">(OCoLC)fst01276699</subfield></datafield><datafield ind1=" " ind2="7" tag="651"><subfield code="a">New Mexico</subfield><subfield code="z">Las Vegas.</subfield><subfield code="2">fast</subfield><subfield code="0">(OCoLC)fst01216596</subfield></datafield><datafield ind1=" " ind2="7" tag="651"><subfield code="a">New Mexico</subfield><subfield code="z">San Miguel County.</subfield><subfield code="2">fast</subfield><subfield code="0">(OCoLC)fst01209378</subfield></datafield><datafield ind1=" " ind2="7" tag="655"><subfield code="a">Newspapers.</subfield><subfield code="2">fast</subfield><subfield code="0">(OCoLC)fst01423814</subfield></datafield><datafield ind1=" " ind2=" " tag="752"><subfield code="a">United States</subfield><subfield code="b">New Mexico</subfield><subfield code="c">San Miguel</subfield><subfield code="d">Las Vegas.</subfield></datafield><datafield ind1="0" ind2=" " tag="775"><subfield code="t">Weekly optic and live stock grower</subfield><subfield code="w">(DLC)sn 92070421</subfield><subfield code="w">(OCoLC)26068464</subfield></datafield><datafield ind1="0" ind2="8" tag="776"><subfield code="i">Online version:</subfield><subfield code="t">Las Vegas optic</subfield><subfield code="x">2472-1867</subfield><subfield code="w">(DLC)  2016271067</subfield><subfield code="w">(OCoLC)948029372</subfield></datafield><datafield ind1="0" ind2="0" tag="780"><subfield code="t">Las Vegas daily optic (Las Vegas, N.M. : 1880)</subfield><subfield code="x">2472-1816</subfield><subfield code="w">(DLC)sn 86063592</subfield><subfield code="w">(OCoLC)7880976</subfield></datafield><datafield ind1="0" ind2="0" tag="785"><subfield code="t">Las Vegas daily optic (East Las Vegas, N.M. : 1921)</subfield><subfield code="w">(DLC)sn 92070416</subfield><subfield code="w">(OCoLC)26142432</subfield></datafield><datafield ind1="4" ind2="1" tag="856"><subfield code="u">http://www.loc.gov/chroniclingamerica/lccn/sn92070417/issues</subfield></datafield></record>